@article{mtap_matsui_2017,
    author={Yusuke Matsui and Kota Ito and Yuji Aramaki and Azuma Fujimoto and Toru Ogawa and Toshihiko Yamasaki and Kiyoharu Aizawa},
    title={Sketch-based Manga Retrieval using Manga109 Dataset},
    journal={Multimedia Tools and Applications},
    volume={76},
    number={20},
    pages={21811--21838},
    year={2017}
}

@inproceedings{tolmachev-etal-2018-juman,
    title = "{J}uman++: A Morphological Analysis Toolkit for Scriptio Continua",
    author = "Tolmachev, Arseny  and
      Kawahara, Daisuke  and
      Kurohashi, Sadao",
    booktitle = "Proceedings of the 2018 Conference on Empirical Methods in Natural Language Processing: System Demonstrations",
    month = nov,
    year = "2018",
    address = "Brussels, Belgium",
    publisher = "Association for Computational Linguistics",
    url = "https://www.aclweb.org/anthology/D18-2010",
    doi = "10.18653/v1/D18-2010",
    pages = "54--59",
    abstract = "We present a three-part toolkit for developing morphological analyzers for languages without natural word boundaries. The first part is a C++11/14 lattice-based morphological analysis library that uses a combination of linear and recurrent neural net language models for analysis. The other parts are a tool for exposing problems in the trained model and a partial annotation tool. Our morphological analyzer of Japanese achieves new SOTA on Jumandic-based corpora while being 250 times faster than the previous one. We also perform a small experiment and quantitive analysis and experience of using development tools. All components of the toolkit is open source and available under a permissive Apache 2 License.",
}

@article{DBLP:journals/corr/abs-1803-08670,
  author    = {Toru Ogawa and
               Atsushi Otsubo and
               Rei Narita and
               Yusuke Matsui and
               Toshihiko Yamasaki and
               Kiyoharu Aizawa},
  title     = {Object Detection for Comics using Manga109 Annotations},
  journal   = {CoRR},
  volume    = {abs/1803.08670},
  year      = {2018},
  url       = {http://arxiv.org/abs/1803.08670},
  archivePrefix = {arXiv},
  eprint    = {1803.08670},
  timestamp = {Mon, 13 Aug 2018 16:49:17 +0200},
  biburl    = {https://dblp.org/rec/bib/journals/corr/abs-1803-08670},
  bibsource = {dblp computer science bibliography, https://dblp.org}
}

@article{kyoto-bert,
    author={柴田 知秀, 河原 大輔, 黒橋 禎夫},
    title={BERT による日本語構文解析の精度向上},
    journal={言語処理学会 第25回年次大会},
    pages={pp.205-208},
    year={2019}
}

@article{comic,
  title={コミック工学：マンガを計算可能にする試み},
  author={松下 光範},
  journal={日本知能情報ファジィ学会 ファジィ システム シンポジウム 講演論文集},
  volume={29},
  number={ },
  pages={199-199},
  year={2013},
  doi={10.14864/fss.29.0_199}
}

@article{ueno_miki2018,
  title={創作者と人工知能: 共作実現に向けた創作過程とメタデータ付与 4 コマ漫画ストーリーデータセット構築},
  author={上野 未貴},
  journal={人工知能学会全国大会論文集},
  year={2018},
}

@article{word_net_jp,
  title={Japanese SemCor: A Sense-tagged Corpus of Japanese in The 6th International Conference of the Global WordNet Association (GWC-2012), Matsue.},
  author={Francis Bond, Timothy Baldwin, Richard Fothergill and Kiyotaka Uchimoto},
  year={2012}
}

@article{word2vec,
  title={Efficient estimation of word rep-resentations in vector space},
  author={Tomas Mikolov, Kai Chen, Greg Corrado, and Jeffrey Dean},
  journal={arXiv preprint arXiv:1301.3781},
  year={2013}
}

@inproceedings{optuna_2019,
    title={Optuna: A Next-generation Hyperparameter Optimization Framework},
    author={Akiba, Takuya and Sano, Shotaro and Yanase, Toshihiko and Ohta, Takeru and Koyama, Masanori},
    booktitle={Proceedings of the 25rd {ACM} {SIGKDD} International Conference on Knowledge Discovery and Data Mining},
    year={2019}
}

@article{BERT,
    author={Devlin, J., Chang, M.-W., Lee, K., and Toutanova, K},
    title={BERT: Pre-training of Deep Bidirectional Transformers for Language Understanding},
    journal={arXiv:1810.04805},
    year={2018}
}


@inproceedings{i2v,
author = {Saito, Masaki and Matsui, Yusuke},
title = {Illustration2Vec: A Semantic Vector Representation of Illustrations},
year = {2015},
isbn = {9781450339308},
publisher = {Association for Computing Machinery},
address = {New York, NY, USA},
url = {https://doi.org/10.1145/2820903.2820907},
doi = {10.1145/2820903.2820907},
booktitle = {SIGGRAPH Asia 2015 Technical Briefs},
articleno = {5},
numpages = {4},
keywords = {illustration, visual similarity, CNNs, search},
location = {Kobe, Japan},
series = {SA ’15}
}

@article{hottoSNS-bert,
  title={BERT Pre-trained model Trained on Large-scale Japanese Social Media Corpus},
  author={Sakaki， Takeshi and Mizuki, Sakae and Gunji, Naoyuki},
  year = {2019},
  howpublished = {\url{https://github.com/hottolink/hottoSNS-bert}}
}
