@article{jumanpp,
	title={日本語形態素解析システム 	JUMAN++ version 1.0},
	author={京都大学大学院情報学研究科 黒橋・河原研究室},
	year={2016}
}

@article{mecab,
author="KUDO, T.",
title="MeCab : Yet Another Part-of-Speech and Morphological Analyzer",
journal="http://mecab.sourceforge.net/",
ISSN="",
publisher="",
year="2005",
month="",
volume="",
number="",
pages="",
URL="https://ci.nii.ac.jp/naid/10019716933/",
DOI="",
}

@article{rnn,
  added-at = {2014-10-01T00:00:00.000+0200},
  author = {Zaremba, W. and Sutskever, I. and Vinyals, O.},
  biburl = {https://www.bibsonomy.org/bibtex/2be2c5723ca406cfb8ced1b4f729ba92a/dblp},
  ee = {http://arxiv.org/abs/1409.2329},
  interhash = {4ae558af0d3b3ded8991be5d122c4afa},
  intrahash = {be2c5723ca406cfb8ced1b4f729ba92a},
  journal = {CoRR},
  keywords = {dblp},
  timestamp = {2015-06-18T03:59:34.000+0200},
  title = {Recurrent Neural Network Regularization.},
  url = {http://dblp.uni-trier.de/db/journals/corr/corr1409.html#ZarembaSV14},
  volume = {abs/1409.2329},
  year = {2014},
}
@article{setuzokusi_hataraki,
  title={文章理解における接続詞の働き},
  author={伊藤俊一 and 阿部純一},
  journal={心理学研究},
  volume={59},
  number={4},
  pages={241--247},
  year={1988},
  publisher={公益社団法人 日本心理学会}
}
@article{devlin2018bert,
  title={Bert: Pre-training of deep bidirectional transformers for language understanding},
  author={Devlin, Jacob and Chang, Ming-Wei and Lee, Kenton and Toutanova, Kristina},
  journal={arXiv preprint arXiv:1810.04805},
  year={2018}
}
@article{asai,
  title={論説的文章における接続詞について-日本語母語話者と上級日本語学習者の作文比較},
  author={浅井美恵子},
  journal={言葉と文化},
  number={4},
  pages={87--98},
  year={2003},
  publisher={名古屋大学大学院 国際言語文化研究科 日本言語文化専攻}
}
@book{ichikawa,
  title={国語教育のための文章論概論},
  author={市川孝},
  year={1978},
  publisher={教育出版}
}
@inproceedings{transformer,
 author = {Vaswani, Ashish and Shazeer, Noam and Parmar, Niki and Uszkoreit, Jakob and Jones, Llion and Gomez, Aidan N and Kaiser, \L ukasz and Polosukhin, Illia},
 booktitle = {Advances in Neural Information Processing Systems},
 editor = {I. Guyon and U. V. Luxburg and S. Bengio and H. Wallach and R. Fergus and S. Vishwanathan and R. Garnett},
 pages = {5998--6008},
 publisher = {Curran Associates, Inc.},
 title = {Attention is All you Need},
 url = {https://proceedings.neurips.cc/paper/2017/file/3f5ee243547dee91fbd053c1c4a845aa-Paper.pdf},
 volume = {30},
 year = {2017}
}
@article{elmo,
title={Deep contextualized word representations},
author={Peters, Matthew E and Neumann, Mark and Iyyer, Mohit and Gardner, Matt and Clark, Christopher and Lee, Kenton and Zettlemoyer, Luke},
journal={arXiv preprint arXiv:1802.05365},
year={2018}
}

@article{comic,
  title={コミック工学：マンガを計算可能にする試み},
  author={松下 光範},
  journal={日本知能情報ファジィ学会 ファジィ システム シンポジウム 講演論文集},
  volume={29},
  number={ },
  pages={199-199},
  year={2013},
  doi={10.14864/fss.29.0_199}
}


@article{mtap_matsui_2017,
    author={Yusuke Matsui and Kota Ito and Yuji Aramaki and Azuma Fujimoto and Toru Ogawa and Toshihiko Yamasaki and Kiyoharu Aizawa},
    title={Sketch-based Manga Retrieval using Manga109 Dataset},
    journal={Multimedia Tools and Applications},
    volume={76},
    number={20},
    pages={21811--21838},
    year={2017}
}

@article{word2vec,
  title={Efficient estimation of word rep-resentations in vector space},
  author={Tomas Mikolov, Kai Chen, Greg Corrado, and Jeffrey Dean},
  journal={arXiv preprint arXiv:1301.3781},
  year={2013}
}

@article{DBLP:journals/corr/LeM14,
  author    = {Quoc V. Le and
               Tom{\'{a}}s Mikolov},
  title     = {Distributed Representations of Sentences and Documents},
  journal   = {CoRR},
  volume    = {abs/1405.4053},
  year      = {2014},
  url       = {http://arxiv.org/abs/1405.4053},
  archivePrefix = {arXiv},
  eprint    = {1405.4053},
  timestamp = {Mon, 28 Dec 2020 11:31:02 +0100},
  biburl    = {https://dblp.org/rec/journals/corr/LeM14.bib},
  bibsource = {dblp computer science bibliography, https://dblp.org}
}

@article{ueno_miki2018,
  title={創作者と人工知能: 共作実現に向けた創作過程とメタデータ付与 4 コマ漫画ストーリーデータセット構築},
  author={上野未貴},
  journal={人工知能学会全国大会論文集},
  year={2018}
}

@misc{attention,
      title={Neural Machine Translation by Jointly Learning to Align and Translate},
      author={Dzmitry Bahdanau and Kyunghyun Cho and Yoshua Bengio},
      year={2016},
      eprint={1409.0473},
      archivePrefix={arXiv},
      primaryClass={cs.CL}
}
@inproceedings{attention_model,
    title = "Effective Approaches to Attention-based Neural Machine Translation",
    author = "Luong, Thang  and
      Pham, Hieu  and
      Manning, Christopher D.",
    booktitle = "Proceedings of the 2015 Conference on Empirical Methods in Natural Language Processing",
    month = sep,
    year = "2015",
    address = "Lisbon, Portugal",
    publisher = "Association for Computational Linguistics",
    url = "https://www.aclweb.org/anthology/D15-1166",
    doi = "10.18653/v1/D15-1166",
    pages = "1412--1421",
}

@article{brusilovsky:simonyan2014very,
  abstract = {The used CNN implementation (VGGNet) by the main paper (used)},
  added-at = {2020-06-08T19:18:30.000+0200},
  author = {Simonyan, Karen and Zisserman, Andrew},
  biburl = {https://www.bibsonomy.org/bibtex/2bc3ee27a1dd159f48b10ac3555879865/buch_jon},
  citeulike-article-id = {14183517},
  interhash = {4e6fa56cb7cf99400d5701543ee228de},
  intrahash = {bc3ee27a1dd159f48b10ac3555879865},
  journal = {arXiv preprint arXiv:1409.1556},
  keywords = {},
  posted-at = {2016-11-14 05:20:24},
  priority = {2},
  timestamp = {2020-06-08T19:18:30.000+0200},
  title = {{Very deep convolutional networks for large-scale image recognition}},
  year = {2014}
}

@article{DBLP:journals/corr/abs-1808-06226,
  author    = {Taku Kudo and
               John Richardson},
  title     = {SentencePiece: {A} simple and language independent subword tokenizer
               and detokenizer for Neural Text Processing},
  journal   = {CoRR},
  volume    = {abs/1808.06226},
  year      = {2018},
  url       = {http://arxiv.org/abs/1808.06226},
  archivePrefix = {arXiv},
  eprint    = {1808.06226},
  timestamp = {Sun, 02 Sep 2018 15:01:56 +0200},
  biburl    = {https://dblp.org/rec/journals/corr/abs-1808-06226.bib},
  bibsource = {dblp computer science bibliography, https://dblp.org}
}

@inproceedings{i2v,
author = {Saito, Masaki and Matsui, Yusuke},
title = {Illustration2Vec: A Semantic Vector Representation of Illustrations},
year = {2015},
isbn = {9781450339308},
publisher = {Association for Computing Machinery},
address = {New York, NY, USA},
url = {https://doi.org/10.1145/2820903.2820907},
doi = {10.1145/2820903.2820907},
booktitle = {SIGGRAPH Asia 2015 Technical Briefs},
articleno = {5},
numpages = {4},
keywords = {illustration, visual similarity, CNNs, search},
location = {Kobe, Japan},
series = {SA ’15}
}

@article{word_net_jp,
  title={Japanese SemCor: A Sense-tagged Corpus of Japanese in The 6th International Conference of the Global WordNet Association (GWC-2012), Matsue.},
  author={Francis Bond, Timothy Baldwin, Richard Fothergill and Kiyotaka Uchimoto},
  year={2012}
}
