@article{mtap_matsui_2017,
    author={Yusuke Matsui and Kota Ito and Yuji Aramaki and Azuma Fujimoto and Toru Ogawa and Toshihiko Yamasaki and Kiyoharu Aizawa},
    title={Sketch-based Manga Retrieval using Manga109 Dataset},
    journal={Multimedia Tools and Applications},
    volume={76},
    number={20},
    pages={21811--21838},
    year={2017}
}

@article{DBLP:journals/corr/abs-1803-08670,
  author    = {Toru Ogawa and
               Atsushi Otsubo and
               Rei Narita and
               Yusuke Matsui and
               Toshihiko Yamasaki and
               Kiyoharu Aizawa},
  title     = {Object Detection for Comics using Manga109 Annotations},
  journal   = {CoRR},
  volume    = {abs/1803.08670},
  year      = {2018},
  url       = {http://arxiv.org/abs/1803.08670},
  archivePrefix = {arXiv},
  eprint    = {1803.08670},
  timestamp = {Mon, 13 Aug 2018 16:49:17 +0200},
  biburl    = {https://dblp.org/rec/bib/journals/corr/abs-1803-08670},
  bibsource = {dblp computer science bibliography, https://dblp.org}
}

@article{ueno_miki2018,
  title={創作者と人工知能: 共作実現に向けた創作過程とメタデータ付与 4 コマ漫画ストーリーデータセット構築},
  author={上野 未貴},
  journal={人工知能学会全国大会論文集},
  year={2018},
}

@article{word_net_jp,
  title={Japanese SemCor: A Sense-tagged Corpus of Japanese in The 6th International Conference of the Global WordNet Association (GWC-2012), Matsue.},
  author={Francis Bond, Timothy Baldwin, Richard Fothergill and Kiyotaka Uchimoto},
  year={2012}
}

@article{word2vec,
  title={Efficient estimation of word rep-resentations in vector space},
  author={Tomas Mikolov, Kai Chen, Greg Corrado, and Jeffrey Dean},
  journal={arXiv preprint arXiv:1301.3781},
  year={2013}
}

@inproceedings{optuna_2019,
    title={Optuna: A Next-generation Hyperparameter Optimization Framework},
    author={Akiba, Takuya and Sano, Shotaro and Yanase, Toshihiko and Ohta, Takeru and Koyama, Masanori},
    booktitle={Proceedings of the 25rd {ACM} {SIGKDD} International Conference on Knowledge Discovery and Data Mining},
    year={2019}
}

@article{BERT,
    author={Devlin, J., Chang, M.-W., Lee, K., and Toutanova, K},
    title={BERT: Pre-training of Deep Bidirectional Transformers for Language Understanding},
    journal={arXiv:1810.04805},
    year={2018}
}

@article{i2v,
  author={Masaki Saito, Yusuke Matsui},
  title={Illustration2Vec: A Semantic Vector Representation of Illustrations},
  year={2015}
}
